@report{ofcom-uk-vod-market,
institution = {Ampere Analysis Ltd},
title = {The UK VoD market},
year = {2019},
subtitle = {Current status and future developments},
language = {en},
url = {https://www.ofcom.org.uk/__data/assets/pdf_file/0026/149075/ampere-analysis-current-status-future-development.pdf},
urldate = {2022-03-18},
}

@report{ofcom-bbc-report,
title = {{Ofcomâ€™s Annual Report on the BBC}},
institution = {Office of Communications},
year = {2020},
subtitle = {2019/20},
language = {en},
month = {11},
url = {https://www.ofcom.org.uk/__data/assets/pdf_file/0021/207228/third-bbc-annual-report.pdf},
urldate = {2022-03-21},
}

@online{ofcom-bbc-performance,
title = {{BBC Performance Tracker}},
year = {2021},
url = {https://www.ofcom.org.uk/research-and-data/tv-radio-and-on-demand/tv-research/bbc-performance-tracker},
institution = {Office of Communications},
language = {en},
urldate = {2022-03-21},
}

@Book{designing-user-experience,
author = {David Benyon},
title = {Designing User Experience},
publisher = {Pearson Education Limited},
year = {2019},
edition = {4},
}

@article{likert1932,
  title={A technique for the measurement of attitudes},
  author={Likert, Rensis},
  journal={Archives of psychology},
  year={1932}
}

@article{sus,
author = {Brooke, John},
year = {1995},
month = {11},
title = {{SUS: A quick and dirty usability scale}},
volume = {189},
journal = {Usability Eval. Ind.}
}

@article{firmenich2019usability,
  title={{Usability improvement through A/B testing and refactoring}},
  author={Firmenich, Sergio and Garrido, Alejandra and Grigera, Juli{\'a}n and Rivero, Jos{\'e} Mat{\'\i}as and Rossi, Gustavo},
  journal={Software Quality Journal},
  volume={27},
  number={1},
  pages={203--240},
  year={2019},
  publisher={Springer}
}

@online{ofcom-broadcasting-code,
title = {{The Ofcom Broadcasting Code (with the Cross-promotion Code and the On Demand Programme Service Rules)}},
year = {2020},
url = {https://www.ofcom.org.uk/tv-radio-and-on-demand/broadcast-codes/broadcast-code},
language = {en},
organization = {Office of Communications},
urldate = {2022-03-24},
}

@article{lewistask,
  title={Task-Centered User Interface Design},
  author={Lewis, Clayton and Rieman, John},
  url={https://web.cs.dal.ca/~jamie/TCUID/tcuid.pdf},
  year={1993},
  language={en},
  urldate={2022-03-24}
}
